@online{AIMSpice,
title={AIM-Spice},
author={Trond Ytterdal},
year=2019,
url={http://aimspice.com/},
urldate={2019-11-04}
}

@online{icarusVL,
title={Icarus Verilog},
author={Stephen Williams},
year=1998,
url={http://iverilog.icarus.com/},
urldate={2019-11-04}
}

@online{githubProject,
title={TFE4152-project},
author={Jonathan Link Selnes and Torstein Nordgård-Hansen},
year=2019,
url={https://github.com/torsteinnh/TFE4152-project},
urldate={2019-11-19}
}






@online{phGravityPro,
title={Gravity: Analog pH Sensor / Meter Pro Kit For Arduino},
author={{DfRobots}},
year=2019,
url={https://www.dfrobot.com/product-1110.html},
urldate={2019-03-20}
}

@online{phGravity,
title={Gravity: Analog pH Sensor / Meter Kit For Arduino},
author={{DfRobots}},
year=2019,
url={https://www.dfrobot.com/product-1025.html},
urldate={2019-03-20}
}

@online{phGravityProinfo,
title={Gravity: Industrial pH electrode},
author={{DfRobots}},
year=2019,
url={https://www.dfrobot.com/wiki/index.php/Industrial_pH_electrode(SKU:FIT0348)},
urldate={2019-03-20}
}

@online{phKortBilde,
title={Analog pH Meter Kit},
author={{Core electronics}},
year=2019,
url={https://core-electronics.com.au/analog-ph-meter-kit.html)},
urldate={2019-03-22}
}

@online{phKortSkjema,
title={pH meter V1.0},
author={{Dfrobots}},
year=2019,
url={http://image.dfrobot.com/image/data/SEN0161/pH%20meter%20V1.0%20SCH.pdf},
urldate={2019-03-22}
}

@online{CA3140AMZ,
title={CA3140AMZ},
author={{Renesas}},
year=2019,
url={https://www.renesas.com/eu/en/www/doc/datasheet/ca3140-a.pdf},
urldate={2019-03-22}
}

@online{TL081BCDG4,
title={TL081BCDG4},
author={{Texas instruments}},
year=2019,
url={http://www.ti.com/lit/ds/symlink/tl084.pdf},
urldate={2019-03-22}
}

@online{TC1121COA,
title={TC1121COA},
author={{Microchip}},
year=2019,
url={http://ww1.microchip.com/downloads/en/DeviceDoc/20001358D.pdf},
urldate={2019-03-22}
}

@online{Batteriholder,
title={Pro Power Battery Holder},
author={{Farnell}},
year=2019,
url={https://no.farnell.com/pro-power/28-12578/battery-sizes-accepted-d/dp/2784249},
urldate={2019-03-29}
}

@online{DBatteri,
title={Panasonic D-batteri},
author={{Panasonic}},
year=2019,
url={https://eu.industrial.panasonic.com/products/batteries-energy-products/primary-batteries/dry-batteries/series/alkaline-batteries/AAE4001/model/LR20AD},
urldate={2019-03-29}
}

@online{ThingsUno,
title={The Things Uno},
author={{The Things Network}},
year=2018,
url={https://www.thethingsnetwork.org/docs/devices/uno/},
urldate={2019-04-04}
}

@online{conductivityLib,
title={Conductivity library for arduino},
author={Torstein Nordgård-Hansen},
year=2019,
url={https://github.com/torsteinnh/conductivityLib},
urldate={2019-04-03}
}

@online{turbiditetSensor,
title={turbiditetSensor},
author={{DFrobot}},
year=2019,
url={https://www.dfrobot.com/wiki/index.php/Turbidity_sensor_SKU:_SEN0189},
urldate={2019-04-03}
}

@online{datablad32u4,
title={Datablad for 32u4},
author={{Atmel Corporation}},
year=2016,
url={http://ww1.microchip.com/downloads/en/DeviceDoc/Atmel-7766-8-bit-AVR-ATmega16U4-32U4_Datasheet.pdf},
urldate={2019-04-13}
}

@online{TTNAL,
title={The Things Network arduino bibliotek},
author={{The Things Network}},
year=2016,
url={https://github.com/TheThingsNetwork/arduino-device-lib},
urldate={2019-04-13}
}

@online{LTR-301,
title={datablad for LTR-301},
author={{LITE-ON}},
year=2004,
url={http://optoelectronics.liteon.com/upload/download/DS-50-93-0013/LTR-301.pdf},
urldate={2019-04-25}
}

@online{LTE-302,
title={Datablad for LTE-302},
author={{LITE-ON}},
year=2000,
url={http://optoelectronics.liteon.com/upload/download/DS-50-92-0009/E302.pdf},
urldate={2019-04-25}
}

@online{powerDown,
title={Power-down guide},
author={{Kevin Darrah}},
year=2016,
url={https://www.youtube.com/watch?v=urLSDi7SD8M},
urldate={2019-04-25}
}

@online{BS170,
title={BS170},
author={{ON Semiconductors}},
year=2011,
url={https://www.onsemi.com/pub/Collateral/BS170-D.PDF},
urldate={2019-04-25}
}

@online{LF353P,
title={LF353P},
author={{Texas Instruments}},
year=2016,
url={http://www.ti.com/lit/ds/symlink/lf353.pdf},
urldate={2019-04-25}
}

@online{DS18B20,
title={DS18B20},
author={{Maxim}},
year=2019,
url={https://www.maximintegrated.com/en/products/sensors/DS18B20.html},
urldate={2019-04-25}
}

@online{ajax, 
author={{Google}}, 
title={Ajax-libary},
url={http://ajax.googleapis.com/ajax/libs/jquery/1.6.2/jquery.min.js}
}

@online{refph, 
author={{Google}}, 
title={Fondriest.com},
url={https://www.fondriest.com/environmental-measurements/parameters/water-quality/ph/},
urldate={2019-04-28}
}

@online{finskbachelor,
title={Water Quality Measuring Station},
author={{Bishal Sigdel}},
year=2017,
url={https://www.theseus.fi/handle/10024/129380},
urldate={2019-04-25}
}

@online{AtlasScientific,
title={Conductivity K 1.0 Kit},
author={{Atlas Scientific LLC}},
year=2019,
url={https://www.atlas-scientific.com/product_pages/kits/ec_k1_0_kit.html},
urldate={2019-04-28}
} 

@online{Salinitet,
title={Salinitet},
author={{Wikipedia-brukere}},
year=2019,
url={https://no.wikipedia.org/wiki/Salinitet#Milj\%C3\%B8messige_vurderinger},
urldate={2019-04-28}
} 

@online{ArduinoUno,
title={Arduino Uno},
author={{Arduino foundation}},
year=2019,
url={https://store.arduino.cc/arduino-uno-rev3},
urldate={2019-04-28}
} 

@online{ArduinoL,
title={Arduino Leonardo},
author={{Arduino foundation}},
year=2019,
url={https://store.arduino.cc/leonardo},
urldate={2019-04-28}
} 

@online{LoRaWan,
title={Introduksjon til LoRaWan},
author={{The Things Network}},
year=2019,
url={https://www.thethingsnetwork.org/docs/lorawan/},
urldate={2019-04-28}
} 

@online{g4github,
title={Git repository for organisering av vannovervåkningsprosjekt},
author={{Stundenter på gruppe 4. på elsys ved NTNU}},
year=2019,
url={https://github.com/torsteinnh/elsysPG4-19},
urldate={2019-04-28}
} 

